<?xml version="1.0" encoding="UTF-8"?><record xmlns="http://www.loc.gov/MARC21/slim" xmlns:cinclude="http://apache.org/cocoon/include/1.0" xmlns:zs="http://www.loc.gov/zing/srw/">
  <leader>00546cz  a2200133n  4500</leader>
  <controlfield tag="001">n  79094833 </controlfield>
  <controlfield tag="003">DLC</controlfield>
  <controlfield tag="005">19930729140619.4</controlfield>
  <controlfield tag="008">790822n| acannaab|          |n aaa |||  </controlfield>
  <datafield tag="010" ind1=" " ind2=" ">
    <subfield code="a">n  79094833 </subfield>
  </datafield>
  <datafield tag="040" ind1=" " ind2=" ">
    <subfield code="a">DLC</subfield>
    <subfield code="c">DLC</subfield>
    <subfield code="d">DLC</subfield>
  </datafield>
  <datafield tag="100" ind1="1" ind2="0">
    <subfield code="a">Zeh, Jürgen</subfield>
  </datafield>
  <datafield tag="670" ind1=" " ind2=" ">
    <subfield code="a">Eisermann, G. Die deutsche Sprachgemeinschaft in Ostbelgien, 1979 (a.e.)</subfield>
    <subfield code="b">t.p. (Jürgen Zeh) verso t.p. (Dr., Inst. f. Soziologie, Univ. Bonn)</subfield>
  </datafield>
  <datafield tag="670" ind1=" " ind2=" ">
    <subfield code="a">Parteien und Politiker in der Wahlberichterstattung europäischer Tageszeitungen, c1992:</subfield>
    <subfield code="b">t.p. (Jürgen Zeh) p. 4 cover (b. 1943)</subfield>
  </datafield>
</record>